@inproceedings{Singh2012DiscPat,
  author = {Saurabh Singh and Abhinav Gupta and Alexei A. Efros},
  year = {2012},
  title = {Unsupervised Discovery of Mid-level Discriminative Patches},
  booktitle={European Conference on Computer Vision},
  eprint= {1205.3137},
  archivePrefix = {arXiv},
  primaryClass = {cs.CV},
  url = {http://arxiv.org/abs/1205.3137}
}

@article{doersch2012what,
  author = {Carl Doersch and Saurabh Singh and Abhinav Gupta and Josef Sivic and Alexei A. Efros},
  year = {2012},
  title = {What Makes Paris Look like Paris?},
  journal = {ACM Transactions on Graphics (SIGGRAPH)},
  volume = {31},
  number = {4},
  pages = {101:1--101:9}
}

@INPROCEEDINGS{Kanade2000CK+,
	author = {Kanade, T. and Cohn, J. F. and Tian, Y.},
	year = {2000},
	title = {Comprehensive database for facial expression analysis.},
	booktitle = {Proceedings of the Fourth IEEE International Conference on Automatic Face and Gesture Recognition (FG'00), Grenoble, France, 46-53.}
}

@INPROCEEDINGS{Lucey2010CK+,
	author = {Lucey, P. and Cohn, J. F. and Kanade, T. and Saragih, J. and Ambadar, Z. and Matthews, I.},
	year = {2010},
	title = {The Extended Cohn-Kanade Dataset (CK+): A complete expression dataset for action unit and emotion-specified expression.},
	booktitle = {Proceedings of the Third International Workshop on CVPR for Human Communicative Behavior Analysis (CVPR4HB 2010), San Francisco, USA, 94-101.}
}

@inproceedings{Dalal:2005:HOG:1068507.1069007,
 author = {Dalal, Navneet and Triggs, Bill},
 title = {Histograms of Oriented Gradients for Human Detection},
 booktitle = {Proceedings of the 2005 IEEE Computer Society Conference on Computer Vision and Pattern Recognition (CVPR'05) - Volume 1 - Volume 01},
 year = {2005},
 pages = {886--893},
} 

@article{Chang:2011:LLS:1961189.1961199,
 author = {Chang, Chih-Chung and Lin, Chih-Jen},
 title = {LIBSVM: A Library for Support Vector Machines},
 journal = {ACM Trans. Intell. Syst. Technol.},
 volume = {2},
 number = {3},
 year = {2011},
} 

@incollection{DBLP:series/lncs/CoatesN12,
  author    = {Adam Coates and
               Andrew Y. Ng},
  title     = {Learning Feature Representations with K-Means},
  booktitle = {Neural Networks: Tricks of the Trade - Second Edition},
  pages     = {561--580},
  year      = {2012},
}