 @Misc{
	words,
    author = "Josef Sivic and Andrew Zisserman ",
	title = "Video Google: A Text Retrieval Approach to Object Matching in Videos",
    year = "2003"
}


@incollection{
    mode,
    title = {Mid-level Visual Element Discovery as Discriminative Mode Seeking},
    author = {Doersch, Carl and Gupta, Abhinav and Efros, Alexei A},
    booktitle = {Advances in Neural Information Processing Systems 26},
    editor = {C.J.C. Burges and L. Bottou and M. Welling and Z. Ghahramani and K.Q. Weinberger},
    pages = {494--502},
    year = {2013},
    publisher = {Curran Associates, Inc.},
    url = {http://papers.nips.cc/paper/5202-mid-level-visual-element-discovery-as-discriminative-mode-seeking.pdf}
}

@article{
    paris,
  title = {What Makes Paris Look like Paris?},
  author = {Carl Doersch and Saurabh Singh and Abhinav Gupta and Josef Sivic and Alexei A. Efros},
  journal = {ACM Transactions on Graphics (SIGGRAPH)},
  volume = {31},
  number = {4},
    year = "2012",
    pages = {101:1--101:9},
}

@inproceedings{
  discr,
  author = {Saurabh Singh and Abhinav Gupta and Alexei A. Efros},
  title = {Unsupervised Discovery of Mid-level Discriminative Patches},
  booktitle={European Conference on Computer Vision},
  year = {2012},
  eprint= {1205.3137},
  archivePrefix = {arXiv},
  primaryClass = {cs.CV},
  url = {http://arxiv.org/abs/1205.3137},
}

@Misc{
	ck,
    author = "Patrick Lucey and Jeffrey F. Cohn and Takeo Kanade and Jason Saragih and Zara Ambadar",
	title = "The Extended Cohn-Kanade Dataset (CK+): A complete dataset for action unit
and emotion-specified expression",
	year = "2000"
}

